% Encoding: UTF-8

@Article{Barrientos2007,
  author  = {Barrientos, A.; Peñín, L.F,; Balaguer, C. \& Aracil, R.},
  title   = {Fundamentos de Robótica 2ª Ed.},
  journal = {McGraw-Hill},
  year    = {2007},
}

@Article{Fu1988,
  author  = {Fu, K.S.; González, R.C. \& Lee, C.S.G.},
  title   = {Robótica: Control, detección, visión e inteligencia},
  journal = {McGraw-Hill,},
  year    = {1988},
}

@Comment{jabref-meta: databaseType:bibtex;}
