% Encoding: UTF-8

@InProceedings{Cuaternios1795,
  author = {Rotaciones y Cuaternios},
  title  = {Capitulo 4},
  year   = {1795},
  file   = {:/home/jebus/Escritorio/LAtex/Ayuda_para_latex/Capitulo4.pdf:PDF},
}

@Misc{,
  title = {Ecuaciones Latex.odt},
  file  = {:/home/jebus/Escritorio/LAtex/Ayuda_para_latex/Ecuaciones Latex.odt:OpenDocument text},
}

@Misc{,
  title = {Fracciones Latex.odt},
  file  = {:/home/jebus/Escritorio/LAtex/Ayuda_para_latex/Fracciones Latex.odt:OpenDocument text},
}

@Comment{jabref-meta: databaseType:bibtex;}
